@article{Meyer2000,
author="Bernd Meyer",
title="A constraint-based framework for diagrammatic reasoning",
journal="Applied Artificial Intelligence",
volume= "14",
issue = "4",
pages= "327--344",
year=2000
}
@article{Codishetal2000,
author="M. Codish and K. Marriott and C.K. Taboch",
title="Improving program analyses by structure untupling",
journal="Journal of Logic Programming",
volume= "43",
issue = "3",
pages= "251--263",
year=2000
}
@inproceedings{Huetal2000,
author = "J. Hu, and H.R. Wu and A. Jennings and X. Wang",
title = "Fast and robust equalization: A case study",
booktitle = "Proceedings of the World Multiconference on Systemics, Cybernetics and Informatics, (SCI 2000), Florida, USA, 23-26 July 2000",
publisher = "International Institute of Informatics and Systemics",
address = "FL, USA",
pages = "398--403",
year = "2000"
}
@book{Conway2000,
author = {Damian Conway},
title = {Object {O}riented {P}erl: {A} comprehensive guide to concepts and programming techniques},
publisher = {Manning Publications Co.},
year = {2000},
address = {Connecticut, USA}
}
@misc{latexbibwiki2014,
author = {},
title = {LaTeX/Bibliography Management},
month = jun,
year = {2014},
howpublished = "\url{http://en.wikibooks.org}"
}
@book{thai2000,
author = {สมชาย ประสิทธิ},
title = {การออกแบบและวิเคราะห์อัลกอริทึม},
publisher = {Manning Publications Co.},
year = {2000},
address = {Connecticut, USA}
}
@misc{HomeKit,
author ={planetleak.},
title ={Raspberry Pi 2 Homekit},
howpublished ="\url{http://www.instructables.com/id/Raspberry-Pi-2-Homekit-from-zero-to-Hey-Siri}"
}
@misc{LIRC,
author ={Alex Bain.},
title ={Setting Up LIRC on the RaspberryPi},

howpublished ="\url{http://alexba.in/blog/2013/01/06/setting-up-lirc-on-the-raspberrypi/}"
}

@misc{Bluetooth,
author = {Prb3333.},
title = {Rasberry Pi Bluetooth in/out},

howpublished = "\url{http://www.instructables.com/id/Raspberry-Pi-Bluetooth-InOut-Board-or-Whos-Hom}"
}

@misc{Firebase,
author = {Jirawatee.},
title = {Firebase Realtime Zero to Hero},

howpublished = "\url{https://developers.ascendcorp.com/firebase-realtime-zero-to-hero}"
}
@misc{Cookbook,
author = {Simon Monk.},
title = {Rasberry Pi Cookbook},

howpublished = "\url{http://www.stilson.net/documentation/raspberrypi/Raspberry%20Pi%20Cookbook.pdf}"
}

@misc{Ajtop,
author = {Vacharapat Mettanant.},
title = {อากาศร้อนแบบนี้มาเพิ่มลูกเล่นให้แอร์กันเถอะ},

howpublished = "\url{http://vacharapat.blogspot.com/2016/04/blog-post.html}"
}